<record><leader>00000cas a22000007a 4500</leader><controlfield tag="001">9277287</controlfield><controlfield tag="008">830304d18391847mauwr ne      0    0eng d</controlfield><controlfield tag="009">3768</controlfield><datafield ind1=" " ind2=" " tag="010"><subfield code="a">sn 83020157 </subfield></datafield><datafield ind1=" " ind2=" " tag="040"><subfield code="a">NPX</subfield><subfield code="b">eng</subfield><subfield code="c">NPX</subfield><subfield code="d">DLC</subfield><subfield code="d">MGN</subfield></datafield><datafield ind1="1" ind2=" " tag="029"><subfield code="a">AU@</subfield><subfield code="b">000025788245</subfield></datafield><datafield ind1=" " ind2=" " tag="042"><subfield code="a">msc</subfield></datafield><datafield ind1="0" ind2="0" tag="050"><subfield code="a">Newspaper 8160-X</subfield></datafield><datafield ind1="0" ind2="0" tag="245"><subfield code="a">Yarmouth register, &amp; Barnstable County weekly advertiser.</subfield></datafield><datafield ind1="0" ind2="0" tag="246"><subfield code="a">Yarmouth register and Barnstable County weekly advertiser</subfield></datafield><datafield ind1=" " ind2=" " tag="260"><subfield code="a">Yarmouth Port [Yarmouth], Mass. :</subfield><subfield code="b">Manning &amp; Fisher,</subfield></datafield><datafield ind1=" " ind2=" " tag="300"><subfield code="a">v. ;</subfield><subfield code="c">57-60 cm.</subfield></datafield><datafield ind1=" " ind2=" " tag="310"><subfield code="a">Weekly</subfield></datafield><datafield ind1="0" ind2=" " tag="362"><subfield code="a">Vol. 3, no. 12 (Mar. 7, 1839)-v. 11, no. 52 (Dec. 9, 1847).</subfield></datafield><datafield ind1=" " ind2=" " tag="500"><subfield code="a">Whig.</subfield></datafield><datafield ind1=" " ind2=" " tag="500"><subfield code="a">Published by: William S. Fisher &amp; Charles Francis Swift, Nov. 12, 1846-1847.</subfield></datafield><datafield ind1=" " ind2=" " tag="752"><subfield code="a">United States</subfield><subfield code="b">Massachusetts</subfield><subfield code="c">Barnstable</subfield><subfield code="d">Yarmouth.</subfield></datafield><datafield ind1=" " ind2=" " tag="752"><subfield code="a">United States</subfield><subfield code="b">Massachusetts</subfield><subfield code="c">Barnstable</subfield><subfield code="d">Yarmouth Port.</subfield></datafield><datafield ind1="0" ind2="0" tag="780"><subfield code="t">Yarmouth register, and Barnstable County advertiser</subfield><subfield code="w">(DLC)sn 83020156</subfield></datafield><datafield ind1="0" ind2="0" tag="785"><subfield code="t">Yarmouth register (Yarmouth, Mass. : 1847)</subfield><subfield code="w">(DLC)sn 83020158</subfield></datafield></record>